@article{rumelhart1986learning,
  title={Learning representations by back-propagating errors},
  author={Rumelhart, David E and Hinton, Geoffrey E and Williams, Ronald J},
  journal={nature},
  volume={323},
  number={6088},
  pages={533--536},
  year={1986},
  publisher={Nature Publishing Group UK London}
}

@book{Goodfellow-et-al-2016,
    title={Deep Learning},
    author={Ian Goodfellow and Yoshua Bengio and Aaron Courville},
    publisher={MIT Press},
    note={\url{http://www.deeplearningbook.org}},
    year={2016}
}

@article{WU2021118591,
title = {rsHRF: A toolbox for resting-state HRF estimation and deconvolution},
journal = {NeuroImage},
volume = {244},
pages = {118591},
year = {2021},
issn = {1053-8119},
doi = {https://doi.org/10.1016/j.neuroimage.2021.118591},
url = {https://www.sciencedirect.com/science/article/pii/S1053811921008648},
author = {Guo-Rong Wu and Nigel Colenbier and Sofie {Van Den Bossche} and Kenzo Clauw and Amogh Johri and Madhur Tandon and Daniele Marinazzo},
keywords = {resting-state fMRI, HRF, deconvolution, brain connectivity, MATLAB, Python, BIDS},
abstract = {The hemodynamic response function (HRF) greatly influences the intra- and inter-subject variability of brain activation and connectivity, and might confound the estimation of temporal precedence in connectivity analyses, making its estimation necessary for a correct interpretation of neuroimaging studies. Additionally, the HRF shape itself is a useful local measure. However, most algorithms for HRF estimation are specific for task-related fMRI data, and only a few can be directly applied to resting-state protocols. Here we introduce rsHRF, a Matlab and Python toolbox that implements HRF estimation and deconvolution from the resting-state BOLD signal. We first provide an overview of the main algorithm, practical implementations, and then demonstrate the feasibility and usefulness of rsHRF by validation experiments with a publicly available resting-state fMRI dataset. We also provide tools for statistical analyses and visualization. We believe that this toolbox may significantly contribute to a better analysis and understanding of the components and variability of BOLD signals.}
}

@book{serov2017fourier,
  title={Fourier series, Fourier transform and their applications to mathematical physics},
  author={Serov, Valery and others},
  volume={197},
  year={2017},
  publisher={Springer}
}

@book{puthusserypady2021applied,
  title={Applied Signal Processing},
  author={Puthusserypady, S.},
  isbn={9781680839784},
  series={NowOpen Series},
  url={https://books.google.de/books?id=fwwfzgEACAAJ},
  year={2021},
  publisher={Now Publishers}
}


@Article{FFTW.jl-2005,
  author   =  {Frigo, Matteo and Johnson, Steven~G.},
  title    =  {The Design and Implementation of {FFTW3}},
  journal  =  {Proceedings of the IEEE},
  year     =  2005,
  volume   =  93,
  number   =  2,
  pages    =  {216--231},
  note     =  {Special issue on ``Program Generation, Optimization, and Platform Adaptation''},
  doi      =  {10.1109/JPROC.2004.840301}
}

@article{chung2021turing,
  title={Turing completeness of bounded-precision recurrent neural networks},
  author={Chung, Stephen and Siegelmann, Hava},
  journal={Advances in Neural Information Processing Systems},
  volume={34},
  pages={28431--28441},
  year={2021}
}

@inproceedings{schafer2006recurrent,
  title={Recurrent neural networks are universal approximators},
  author={Sch{\"a}fer, Anton Maximilian and Zimmermann, Hans Georg},
  booktitle={Artificial Neural Networks--ICANN 2006: 16th International Conference, Athens, Greece, September 10-14, 2006. Proceedings, Part I 16},
  pages={632--640},
  year={2006},
  organization={Springer}
}

@article{blum1988training,
  title={Training a 3-node neural network is NP-complete},
  author={Blum, Avrim and Rivest, Ronald},
  journal={Advances in neural information processing systems},
  volume={1},
  year={1988}
}

@inproceedings{bengio1993problem,
  title={The problem of learning long-term dependencies in recurrent networks},
  author={Bengio, Yoshua and Frasconi, Paolo and Simard, Patrice},
  booktitle={IEEE international conference on neural networks},
  pages={1183--1188},
  year={1993},
  organization={IEEE}
}

@article{bengio1994learning,
  title={Learning long-term dependencies with gradient descent is difficult},
  author={Bengio, Yoshua and Simard, Patrice and Frasconi, Paolo},
  journal={IEEE transactions on neural networks},
  volume={5},
  number={2},
  pages={157--166},
  year={1994},
  publisher={IEEE}
}

@inproceedings{pascanu2013difficulty,
  title={On the difficulty of training recurrent neural networks},
  author={Pascanu, Razvan and Mikolov, Tomas and Bengio, Yoshua},
  booktitle={International conference on machine learning},
  pages={1310--1318},
  year={2013},
  organization={Pmlr}
}

@article{hochreiter1997long,
  title={Long short-term memory},
  author={Hochreiter, Sepp and Schmidhuber, J{\"u}rgen},
  journal={Neural computation},
  volume={9},
  number={8},
  pages={1735--1780},
  year={1997},
  publisher={MIT press}
}

@article{chung2014empirical,
  title={Empirical evaluation of gated recurrent neural networks on sequence modeling},
  author={Chung, Junyoung and Gulcehre, Caglar and Cho, KyungHyun and Bengio, Yoshua},
  journal={arXiv preprint arXiv:1412.3555},
  year={2014}
}

@article{le2015simple,
  title={A simple way to initialize recurrent networks of rectified linear units},
  author={Le, Quoc V and Jaitly, Navdeep and Hinton, Geoffrey E},
  journal={arXiv preprint arXiv:1504.00941},
  year={2015}
}

@article{talathi2015improving,
  title={Improving performance of recurrent neural network with relu nonlinearity},
  author={Talathi, Sachin S and Vartak, Aniket},
  journal={arXiv preprint arXiv:1511.03771},
  year={2015}
}

@article{williams1989learning,
  title={A learning algorithm for continually running fully recurrent neural networks},
  author={Williams, Ronald J and Zipser, David},
  journal={Neural computation},
  volume={1},
  number={2},
  pages={270--280},
  year={1989},
  publisher={MIT Press One Rogers Street, Cambridge, MA 02142-1209, USA journals-info~â€¦}
}

@inproceedings{jordan1986attractor,
  title={Attractor dynamics and parallelism in a connectionist sequential machine},
  author={Jordan, Michael},
  booktitle={Eighth Annual Conference of the Cognitive Science Society, 1986},
  pages={513--546},
  year={1986}
}

@article{pineda1988dynamics,
  title={Dynamics and architecture for neural computation},
  author={Pineda, Fernando J},
  journal={Journal of Complexity},
  volume={4},
  number={3},
  pages={216--245},
  year={1988},
  publisher={Elsevier}
}

@inproceedings{NEURIPS2022_495e55f3,
 author = {Mikhaeil, Jonas and Monfared, Zahra and Durstewitz, Daniel},
 booktitle = {Advances in Neural Information Processing Systems},
 editor = {S. Koyejo and S. Mohamed and A. Agarwal and D. Belgrave and K. Cho and A. Oh},
 pages = {11297--11312},
 publisher = {Curran Associates, Inc.},
 title = {On the difficulty of learning chaotic dynamics with RNNs},
 url = {https://proceedings.neurips.cc/paper_files/paper/2022/file/495e55f361708bedbab5d81f92048dcd-Paper-Conference.pdf},
 volume = {35},
 year = {2022}
}

@article{doya1992bifurcations,
  title={Bifurcations in the learning of recurrent neural networks 3},
  author={Doya, Kenji and others},
  journal={learning (RTRL)},
  volume={3},
  pages={17},
  year={1992}
}

@article{jones1970problem,
  title={The problem of error in deconvolution},
  author={Jones, AF and Misell, DL},
  journal={Journal of Physics A: General Physics},
  volume={3},
  number={5},
  pages={462},
  year={1970},
  publisher={IOP Publishing}
}

@book{wiener1964extrapolation,
  title={Extrapolation, Interpolation, and Smoothing of Stationary Time Series: With Engineering Applications},
  author={Wiener, N.},
  isbn={9780262730051},
  series={Massachusetts Institute of Technology : Paperback series},
  year={1964},
  publisher={M.I.T. Press}
}

@article{durstewitz2017state,
  title={A state space approach for piecewise-linear recurrent neural networks for identifying computational dynamics from neural measurements},
  author={Durstewitz, Daniel},
  journal={PLoS computational biology},
  volume={13},
  number={6},
  pages={e1005542},
  year={2017},
  publisher={Public Library of Science San Francisco, CA USA}
}

@book{daubechies1992ten,
  title={Ten lectures on wavelets},
  author={Daubechies, Ingrid},
  year={1992},
  publisher={SIAM}
}

@book{strang1996wavelets,
  title={Wavelets and filter banks},
  author={Strang, Gilbert and Nguyen, Truong},
  year={1996},
  publisher={SIAM}
}

@article{donoho1994ideal,
  title={Ideal spatial adaptation by wavelet shrinkage},
  author={Donoho, David L and Johnstone, Iain M},
  journal={biometrika},
  volume={81},
  number={3},
  pages={425--455},
  year={1994},
  publisher={Oxford University Press}
}

@article{donoho1995noising,
  title={De-noising by soft-thresholding},
  author={Donoho, David L},
  journal={IEEE transactions on information theory},
  volume={41},
  number={3},
  pages={613--627},
  year={1995},
  publisher={IEEE}
}

@book{strogatz2018nonlinear,
  title={Nonlinear dynamics and chaos with student solutions manual: With applications to physics, biology, chemistry, and engineering},
  author={Strogatz, Steven H},
  year={2018},
  publisher={CRC press}
}

@book{dilao2023dynamical,
  title={Dynamical System and Chaos: An Introduction with Applications},
  author={Dil{\~a}o, Rui},
  year={2023},
  publisher={Springer Nature}
}

@article{koppe2019identifying,
  title={Identifying nonlinear dynamical systems via generative recurrent neural networks with applications to fMRI},
  author={Koppe, Georgia and Toutounji, Hazem and Kirsch, Peter and Lis, Stefanie and Durstewitz, Daniel},
  journal={PLoS computational biology},
  volume={15},
  number={8},
  pages={e1007263},
  year={2019},
  publisher={Public Library of Science San Francisco, CA USA}
}

@article{schmidt2019identifying,
  title={Identifying nonlinear dynamical systems with multiple time scales and long-range dependencies},
  author={Schmidt, Dominik and Koppe, Georgia and Monfared, Zahra and Beutelspacher, Max and Durstewitz, Daniel},
  journal={arXiv preprint arXiv:1910.03471},
  year={2019}
}

@inproceedings{brenner2022tractable,
  title={Tractable dendritic RNNs for reconstructing nonlinear dynamical systems},
  author={Brenner, Manuel and Hess, Florian and Mikhaeil, Jonas M and Bereska, Leonard F and Monfared, Zahra and Kuo, Po-Chen and Durstewitz, Daniel},
  booktitle={International Conference on Machine Learning},
  pages={2292--2320},
  year={2022},
  organization={PMLR}
}

@article{mikhaeil2022difficulty,
  title={On the difficulty of learning chaotic dynamics with RNNs},
  author={Mikhaeil, Jonas and Monfared, Zahra and Durstewitz, Daniel},
  journal={Advances in Neural Information Processing Systems},
  volume={35},
  pages={11297--11312},
  year={2022}
}

@article{fox2012coupling,
  title={The coupling controversy},
  author={Fox, Peter T},
  journal={Neuroimage},
  volume={62},
  number={2},
  pages={594--601},
  year={2012},
  publisher={Elsevier}
}

@article{ashburner2014spm12,
  title={SPM12 manual},
  author={Ashburner, John and Barnes, Gareth and Chen, Chun-Chuan and Daunizeau, Jean and Flandin, Guillaume and Friston, Karl and Kiebel, Stefan and Kilner, James and Litvak, Vladimir and Moran, Rosalyn and others},
  journal={Wellcome Trust Centre for Neuroimaging, London, UK},
  volume={2464},
  number={4},
  year={2014}
}

@article{hess2023generalized,
  title={Generalized Teacher Forcing for Learning Chaotic Dynamics},
  author={Hess, Florian and Monfared, Zahra and Brenner, Manuel and Durstewitz, Daniel},
  journal={arXiv preprint arXiv:2306.04406},
  year={2023}
}

@inproceedings{hershey2007approximating,
  title={Approximating the Kullback Leibler divergence between Gaussian mixture models},
  author={Hershey, John R and Olsen, Peder A},
  booktitle={2007 IEEE International Conference on Acoustics, Speech and Signal Processing-ICASSP'07},
  volume={4},
  pages={IV--317},
  year={2007},
  organization={IEEE}
}

@article{babayan2019mind,
  title={A mind-brain-body dataset of MRI, EEG, cognition, emotion, and peripheral physiology in young and old adults},
  author={Babayan, Anahit and Erbey, Miray and Kumral, Deniz and Reinelt, Janis D and Reiter, Andrea MF and R{\"o}bbig, Josefin and Schaare, H Lina and Uhlig, Marie and Anwander, Alfred and Bazin, Pierre-Louis and others},
  journal={Scientific data},
  volume={6},
  number={1},
  pages={1--21},
  year={2019},
  publisher={Nature Publishing Group}
}

@article{lorenz1963deterministic,
  title={Deterministic nonperiodic flow},
  author={Lorenz, Edward N},
  journal={Journal of atmospheric sciences},
  volume={20},
  number={2},
  pages={130--141},
  year={1963}
}

@book{mcdonald2014handbook,
  title={Handbook of biolological statistics},
  author={McDonald, John H},
  year={2014},
  publisher={New Yorkâ€¢}
}

@ARTICLE{2020SciPy-NMeth,
  author  = {Virtanen, Pauli and Gommers, Ralf and Oliphant, Travis E. and
            Haberland, Matt and Reddy, Tyler and Cournapeau, David and
            Burovski, Evgeni and Peterson, Pearu and Weckesser, Warren and
            Bright, Jonathan and {van der Walt}, St{\'e}fan J. and
            Brett, Matthew and Wilson, Joshua and Millman, K. Jarrod and
            Mayorov, Nikolay and Nelson, Andrew R. J. and Jones, Eric and
            Kern, Robert and Larson, Eric and Carey, C J and
            Polat, {\.I}lhan and Feng, Yu and Moore, Eric W. and
            {VanderPlas}, Jake and Laxalde, Denis and Perktold, Josef and
            Cimrman, Robert and Henriksen, Ian and Quintero, E. A. and
            Harris, Charles R. and Archibald, Anne M. and
            Ribeiro, Ant{\^o}nio H. and Pedregosa, Fabian and
            {van Mulbregt}, Paul and {SciPy 1.0 Contributors}},
  title   = {{{SciPy} 1.0: Fundamental Algorithms for Scientific
            Computing in Python}},
  journal = {Nature Methods},
  year    = {2020},
  volume  = {17},
  pages   = {261--272},
  adsurl  = {https://rdcu.be/b08Wh},
  doi     = {10.1038/s41592-019-0686-2},
}

@article{vogt2022lyapunov,
  title={On lyapunov exponents for rnns: Understanding information propagation using dynamical systems tools},
  author={Vogt, Ryan and Puelma Touzel, Maximilian and Shlizerman, Eli and Lajoie, Guillaume},
  journal={Frontiers in Applied Mathematics and Statistics},
  volume={8},
  pages={818799},
  year={2022},
  publisher={Frontiers}
}

@article{benettin1980lyapunov,
  title={Lyapunov characteristic exponents for smooth dynamical systems and for Hamiltonian systems; a method for computing all of them. Part 1: Theory},
  author={Benettin, Giancarlo and Galgani, Luigi and Giorgilli, Antonio and Strelcyn, Jean-Marie},
  journal={Meccanica},
  volume={15},
  pages={9--20},
  year={1980},
  publisher={Springer}
}

@misc{sauer-notes,
  author = {Thomas schafer2006recurrent},
  title  = {Wavelets Vorlesung},
  note   = {\url{https://www.fim.uni-passau.de/fileadmin/dokumente/fakultaeten/fim/lehrstuhl/sauer/geyer/Wavelets.pdf}, Last visited on 2023/09/15"},
  year   = 2012,
  publisher={UniversitÃ¤t Passau}
}

@book{mallat2008wavelet,
  title={A Wavelet Tour of Signal Processing},
  author={Mallat, St{\'e}phane},
  year={2008},
  publisher={Academic Press},
  isbn={9780080922027},
}

@book{shah2022wavelet,
  title={Wavelet Transforms: Kith and Kin},
  author={Shah, Firdous A and Tantary, Azhar Y},
  year={2022},
  publisher={CRC Press}
}

@misc{smith1997scientist,
  title={The scientist and engineer's guide to digital signal processing},
  author={Smith, Steven W and others},
  year={1997},
  publisher={California Technical Pub. San Diego}
}

@article{ikeda2017comprehensive,
  title={A comprehensive analysis of the correlations between resting-state oscillations in multiple-frequency bands and big five traits},
  author={Ikeda, Shigeyuki and Takeuchi, Hikaru and Taki, Yasuyuki and Nouchi, Rui and Yokoyama, Ryoichi and Kotozaki, Yuka and Nakagawa, Seishu and Sekiguchi, Atsushi and Iizuka, Kunio and Yamamoto, Yuki and others},
  journal={Frontiers in Human Neuroscience},
  volume={11},
  pages={321},
  year={2017},
  publisher={Frontiers Media SA}
}

@article{dubois2018resting,
  title={Resting-state functional brain connectivity best predicts the personality dimension of openness to experience},
  author={Dubois, Julien and Galdi, Paola and Han, Yanting and Paul, Lynn K and Adolphs, Ralph},
  journal={Personality neuroscience},
  volume={1},
  pages={e6},
  year={2018},
  publisher={Cambridge University Press}
}

@article{spielberger1970manual,
  title={Manual for the State-Trait Anxiety Inventory (self-evaluation questionnaire)},
  author={Spielberger, Charles Donald},
  journal={(No Title)},
  year={1970}
}

@article{hamilton1960rating,
  title={A rating scale for depression},
  author={Hamilton, Max},
  journal={Journal of neurology, neurosurgery, and psychiatry},
  volume={23},
  number={1},
  pages={56},
  year={1960},
  publisher={BMJ Publishing Group}
}

@book{costa1989neo,
  title={NEO PI/FFI manual supplement for use with the NEO Personality Inventory and the NEO Five-Factor Inventory},
  author={Costa, Paul T and McCrae, Robert R},
  year={1989},
  publisher={Psychological Assessment Resources}
}

@article{gonzalez2023manifold,
  title={Manifold learning for fMRI time-varying functional connectivity},
  author={Gonzalez-Castillo, Javier and Fernandez, Isabel S and Lam, Ka Chun and Handwerker, Daniel A and Pereira, Francisco and Bandettini, Peter A},
  journal={Frontiers in Human Neuroscience},
  volume={17},
  year={2023},
  publisher={Frontiers Media SA}
}

@article{cakan2021,
    author={Cakan, Caglar and Jajcay, Nikola and Obermayer, Klaus},
    title={neurolib: A Simulation Framework for Whole-Brain Neural Mass Modeling},
    journal={Cognitive Computation},
    year={2021},
    month={Oct},
    issn={1866-9964},
    doi={10.1007/s12559-021-09931-9},
    url={https://doi.org/10.1007/s12559-021-09931-9}
}

@article{brenner2022multimodal,
  title={Multimodal Teacher Forcing for Reconstructing Nonlinear Dynamical Systems},
  author={Brenner, Manuel and Koppe, Georgia and Durstewitz, Daniel},
  journal={arXiv preprint arXiv:2212.07892},
  year={2022}
}

@book{penny2011statistical,
  title={Statistical parametric mapping: the analysis of functional brain images},
  author={Penny, William D and Friston, Karl J and Ashburner, John T and Kiebel, Stefan J and Nichols, Thomas E},
  year={2011},
  publisher={Elsevier}
}